[gd_scene load_steps=9 format=2]

[ext_resource path="res://Scripts/Main.vs" type="Script" id=1]
[ext_resource path="res://Scenes/Another Player.tscn" type="PackedScene" id=2]
[ext_resource path="res://Scenes/Platform.tscn" type="PackedScene" id=3]
[ext_resource path="res://Scenes/Long Platform.tscn" type="PackedScene" id=4]
[ext_resource path="res://Scenes/Ball.tscn" type="PackedScene" id=5]
[ext_resource path="res://Sprites/Industrial Background.png" type="Texture" id=6]
[ext_resource path="res://Scenes/Moving Platform.tscn" type="PackedScene" id=7]
[ext_resource path="res://Scenes/Coin.tscn" type="PackedScene" id=8]

[node name="Main" type="Node2D"]
script = ExtResource( 1 )

[node name="CanvasLayer" type="CanvasLayer" parent="."]

[node name="RichTextLabel" type="RichTextLabel" parent="CanvasLayer"]
margin_left = 40.0
margin_top = 32.0
margin_right = 176.0
margin_bottom = 72.0
text = "Score: 0"

[node name="Another Player" parent="." instance=ExtResource( 2 )]
position = Vector2( 90, 450 )

[node name="Platforms" type="Node2D" parent="."]
editor/display_folded = true

[node name="Platform2" parent="Platforms" instance=ExtResource( 3 )]
position = Vector2( 370, 450 )

[node name="Platform3" parent="Platforms" instance=ExtResource( 3 )]
position = Vector2( 650, 390 )

[node name="Platform4" parent="Platforms" instance=ExtResource( 3 )]
position = Vector2( 940, 310 )

[node name="Platform5" parent="Platforms" instance=ExtResource( 3 )]
position = Vector2( 650, 190 )

[node name="Platform6" parent="Platforms" instance=ExtResource( 3 )]
position = Vector2( 340, 90 )
rotation = 0.261799

[node name="Platform7" parent="Platforms" instance=ExtResource( 3 )]
position = Vector2( 1240, 230 )

[node name="Platform8" parent="Platforms" instance=ExtResource( 3 )]
position = Vector2( 1530, 420 )

[node name="Platform9" parent="Platforms" instance=ExtResource( 3 )]
position = Vector2( 1840, 340 )

[node name="Platform" parent="Platforms" instance=ExtResource( 4 )]
position = Vector2( 310, 490 )

[node name="Platform10" parent="Platforms" instance=ExtResource( 4 )]
position = Vector2( 790, 490 )

[node name="Platform11" parent="Platforms" instance=ExtResource( 4 )]
position = Vector2( 1270, 490 )

[node name="Platform12" parent="Platforms" instance=ExtResource( 4 )]
position = Vector2( 1750, 490 )

[node name="Platform13" parent="Platforms" instance=ExtResource( 4 )]
position = Vector2( -170, 490 )

[node name="Balls" type="Node2D" parent="."]
editor/display_folded = true

[node name="Ball" parent="Balls" instance=ExtResource( 5 )]
position = Vector2( 370, 430 )
speed = Vector2( 50, 0 )

[node name="Ball2" parent="Balls" instance=ExtResource( 5 )]
position = Vector2( 650, 370 )
speed = Vector2( 500, 0 )

[node name="Ball3" parent="Balls" instance=ExtResource( 5 )]
position = Vector2( 660, 170 )
speed = Vector2( 500, 0 )

[node name="Ball4" parent="Balls" instance=ExtResource( 5 )]
position = Vector2( 310, 60 )
speed = Vector2( 500, 0 )

[node name="Sprite" type="Sprite" parent="."]
position = Vector2( 510, 260 )
z_index = -10
texture = ExtResource( 6 )
region_enabled = true
region_rect = Rect2( 0, 0, 5120, 1280 )

[node name="Moving Platform" parent="." instance=ExtResource( 7 )]
position = Vector2( 370, 310 )
move_speed = 0.2
move_direction = Vector2( 1, -1 )
move_distance = 500.0

[node name="Coin" parent="." instance=ExtResource( 8 )]
position = Vector2( 290, 370 )

[node name="Coin2" parent="." instance=ExtResource( 8 )]
position = Vector2( 200, 440 )

[node name="Coin3" parent="." instance=ExtResource( 8 )]
position = Vector2( 394, 412 )

[node name="Coin4" parent="." instance=ExtResource( 8 )]
position = Vector2( 544, 222 )
[connection signal="coin_collected" from="Coin" to="." method="_on_Coin_coin_collected"]
[connection signal="coin_collected" from="Coin2" to="." method="_on_Coin_coin_collected"]
[connection signal="coin_collected" from="Coin3" to="." method="_on_Coin_coin_collected"]
[connection signal="coin_collected" from="Coin4" to="." method="_on_Coin_coin_collected"]
